<?xml version="1.0" encoding="UTF-8"?><record xmlns="http://www.loc.gov/MARC21/slim" xmlns:cinclude="http://apache.org/cocoon/include/1.0" xmlns:zs="http://www.loc.gov/zing/srw/">
  <leader>00627cz  a2200145n  4500</leader>
  <controlfield tag="001">n  99800797 </controlfield>
  <controlfield tag="003">DLC</controlfield>
  <controlfield tag="005">20000425100620.0</controlfield>
  <controlfield tag="008">991028n| acannaabn           a aaa      </controlfield>
  <datafield tag="010" ind1=" " ind2=" ">
    <subfield code="a">n  99800797 </subfield>
    <subfield code="z">n  99256235 </subfield>
  </datafield>
  <datafield tag="035" ind1=" " ind2=" ">
    <subfield code="a">(DNLM)1087680</subfield>
  </datafield>
  <datafield tag="040" ind1=" " ind2=" ">
    <subfield code="a">DNLM</subfield>
    <subfield code="b">eng</subfield>
    <subfield code="c">DNLM</subfield>
    <subfield code="d">DNLM</subfield>
    <subfield code="d">DLC</subfield>
  </datafield>
  <datafield tag="100" ind1="1" ind2=" ">
    <subfield code="a">Pouget, J.</subfield>
    <subfield code="q">(Jean),</subfield>
    <subfield code="d">1950-</subfield>
  </datafield>
  <datafield tag="400" ind1="1" ind2=" ">
    <subfield code="a">Pouget, Jean,</subfield>
    <subfield code="d">1950-</subfield>
  </datafield>
  <datafield tag="670" ind1=" " ind2=" ">
    <subfield code="a">Exercise intolerance and muscle contracture, c1999:</subfield>
    <subfield code="b">CIP t.p. (J. Pouget) t.p. verso (Jean Pouget, MD; prof. of neurology, Service de neurologie et des maladies neuromusculaires, Centre hospitalier universitaire de la Timone, Marseille, France) data sheet (b. 1950)</subfield>
  </datafield>
</record>